<record><leader>00000cas a22000007a 4500</leader><controlfield tag="001">31636706</controlfield><controlfield tag="008">941209d1895190uokuwr n       0    0eng d</controlfield><datafield ind1=" " ind2=" " tag="010"><subfield code="a">sn 94061306 </subfield></datafield><datafield ind1=" " ind2=" " tag="040"><subfield code="a">OBN</subfield><subfield code="b">eng</subfield><subfield code="c">OBN</subfield><subfield code="d">OCL</subfield><subfield code="d">OCLCQ</subfield><subfield code="d">OCLCF</subfield><subfield code="d">OCLCO</subfield></datafield><datafield ind1="1" ind2=" " tag="029"><subfield code="a">AU@</subfield><subfield code="b">000011427708</subfield></datafield><datafield ind1=" " ind2=" " tag="042"><subfield code="a">msc</subfield></datafield><datafield ind1=" " ind2=" " tag="043"><subfield code="a">n-us-ok</subfield></datafield><datafield ind1="0" ind2="4" tag="245"><subfield code="a">The Sallisaw star.</subfield></datafield><datafield ind1=" " ind2=" " tag="260"><subfield code="a">Sallisaw, Indian Territory [Okla.] :</subfield><subfield code="b">J.W. Anderson</subfield></datafield><datafield ind1=" " ind2=" " tag="300"><subfield code="a">v.</subfield></datafield><datafield ind1=" " ind2=" " tag="310"><subfield code="a">Weekly</subfield></datafield><datafield ind1="1" ind2=" " tag="362"><subfield code="a">Began in 1895.</subfield></datafield><datafield ind1=" " ind2=" " tag="588"><subfield code="a">Description based on: Vol. 8, no. 10 (Nov. 28, 1902).</subfield></datafield><datafield ind1=" " ind2="0" tag="651"><subfield code="a">Sallisaw (Okla.)</subfield><subfield code="v">Newspapers.</subfield></datafield><datafield ind1=" " ind2="0" tag="651"><subfield code="a">Sequoyah County (Okla.)</subfield><subfield code="v">Newspapers.</subfield></datafield><datafield ind1=" " ind2="0" tag="651"><subfield code="a">Indian Territory</subfield><subfield code="v">Newspapers.</subfield></datafield><datafield ind1=" " ind2="7" tag="655"><subfield code="a">Newspapers.</subfield><subfield code="2">fast</subfield><subfield code="0">(OCoLC)fst01423814</subfield></datafield><datafield ind1=" " ind2="7" tag="651"><subfield code="a">Oklahoma</subfield><subfield code="z">Indian Territory.</subfield><subfield code="2">fast</subfield><subfield code="0">(OCoLC)fst01225150</subfield></datafield><datafield ind1=" " ind2="7" tag="651"><subfield code="a">Oklahoma</subfield><subfield code="z">Sallisaw.</subfield><subfield code="2">fast</subfield><subfield code="0">(OCoLC)fst01220332</subfield></datafield><datafield ind1=" " ind2="7" tag="651"><subfield code="a">Oklahoma</subfield><subfield code="z">Sequoyah County.</subfield><subfield code="2">fast</subfield><subfield code="0">(OCoLC)fst01220317</subfield></datafield><datafield ind1=" " ind2=" " tag="752"><subfield code="a">United States</subfield><subfield code="b">Oklahoma</subfield><subfield code="c">Sequoyah</subfield><subfield code="d">Sallisaw.</subfield></datafield><datafield ind1="0" ind2="7" tag="785"><subfield code="t">Sallisaw gazette</subfield><subfield code="w">(DLC)sn 88074684</subfield><subfield code="w">(OCoLC)17701517</subfield></datafield><datafield ind1="0" ind2="7" tag="785"><subfield code="t">Star=gazette</subfield><subfield code="w">(DLC)sn 94061307</subfield><subfield code="w">(OCoLC)31636913</subfield></datafield></record>